<record><leader>00000cas a2200000 a 4500</leader><controlfield tag="001">26771949</controlfield><controlfield tag="007">cr unu||||||||</controlfield><controlfield tag="008">921012d19921994sduwr ne      0   a0eng c</controlfield><controlfield tag="009">1569</controlfield><datafield ind1=" " ind2=" " tag="010"><subfield code="a">sn 92001658 </subfield></datafield><datafield ind1=" " ind2=" " tag="040"><subfield code="a">NDS</subfield><subfield code="b">eng</subfield><subfield code="c">NDS</subfield><subfield code="d">NSD</subfield><subfield code="d">OCL</subfield><subfield code="d">NSD</subfield><subfield code="d">IUL</subfield><subfield code="d">ANU</subfield><subfield code="d">HUL</subfield><subfield code="d">CNW</subfield><subfield code="d">CNK</subfield><subfield code="d">NVF</subfield><subfield code="d">DLC</subfield><subfield code="d">SXN</subfield><subfield code="d">NYS</subfield><subfield code="d">CUS</subfield><subfield code="d">CVF</subfield><subfield code="d">DLC</subfield><subfield code="d">IUL</subfield><subfield code="d">HVL</subfield><subfield code="d">ZP2</subfield><subfield code="d">CUS</subfield><subfield code="d">OCLCQ</subfield><subfield code="d">OCLCF</subfield></datafield><datafield ind1=" " ind2=" " tag="012"><subfield code="m">y</subfield></datafield><datafield ind1="1" ind2=" " tag="022"><subfield code="a">1066-5501</subfield><subfield code="l">1066-5501</subfield><subfield code="y">0744-2238</subfield><subfield code="2">1</subfield></datafield><datafield ind1="1" ind2=" " tag="029"><subfield code="a">AU@</subfield><subfield code="b">000020724537</subfield></datafield><datafield ind1=" " ind2=" " tag="032"><subfield code="a">662230</subfield><subfield code="b">USPS</subfield></datafield><datafield ind1=" " ind2=" " tag="042"><subfield code="a">nsdp</subfield><subfield code="a">pcc</subfield></datafield><datafield ind1=" " ind2=" " tag="043"><subfield code="a">n-us-sd</subfield><subfield code="a">np-----</subfield></datafield><datafield ind1="0" ind2="0" tag="050"><subfield code="a">Newspaper</subfield></datafield><datafield ind1="1" ind2="4" tag="050"><subfield code="a">E78.S63</subfield><subfield code="b">L34</subfield></datafield><datafield ind1="0" ind2=" " tag="210"><subfield code="a">Indian ctry. today</subfield></datafield><datafield ind1=" " ind2="0" tag="222"><subfield code="a">Indian country today</subfield></datafield><datafield ind1="0" ind2="0" tag="245"><subfield code="a">Indian country today.</subfield></datafield><datafield ind1=" " ind2=" " tag="260"><subfield code="a">Rapid City, SD :</subfield><subfield code="b">Native American Pub.,</subfield><subfield code="c">1992-1994.</subfield></datafield><datafield ind1=" " ind2=" " tag="300"><subfield code="a">3 v. :</subfield><subfield code="b">ill. ;</subfield><subfield code="c">58 cm.</subfield></datafield><datafield ind1=" " ind2=" " tag="310"><subfield code="a">Weekly</subfield></datafield><datafield ind1="0" ind2=" " tag="362"><subfield code="a">Vol. 12, issue 15 (Oct. 8, 1992)-v. 14, issue 14 (Sept. 28, 1994).</subfield></datafield><datafield ind1=" " ind2=" " tag="580"><subfield code="a">Split into: Indian country today (Northern Plains ed.), and: Indian country today (Southwest ed.).</subfield></datafield><datafield ind1=" " ind2="0" tag="650"><subfield code="a">Indians of North America</subfield><subfield code="z">South Dakota</subfield><subfield code="v">Newspapers.</subfield></datafield><datafield ind1=" " ind2="0" tag="650"><subfield code="a">Indians of North America</subfield><subfield code="z">Great Plains</subfield><subfield code="v">Newspapers.</subfield></datafield><datafield ind1=" " ind2="0" tag="650"><subfield code="a">Dakota Indians</subfield><subfield code="v">Newspapers.</subfield></datafield><datafield ind1=" " ind2="0" tag="651"><subfield code="a">Rapid City (S.D.)</subfield><subfield code="v">Newspapers.</subfield></datafield><datafield ind1=" " ind2="0" tag="651"><subfield code="a">Pennington County (S.D.)</subfield><subfield code="v">Newspapers.</subfield></datafield><datafield ind1=" " ind2="7" tag="655"><subfield code="a">Newspapers.</subfield><subfield code="2">fast</subfield><subfield code="0">(OCoLC)fst01423814</subfield></datafield><datafield ind1=" " ind2="7" tag="650"><subfield code="a">Dakota Indians.</subfield><subfield code="2">fast</subfield><subfield code="0">(OCoLC)fst00887107</subfield></datafield><datafield ind1=" " ind2="7" tag="650"><subfield code="a">Indians of North America.</subfield><subfield code="2">fast</subfield><subfield code="0">(OCoLC)fst00969633</subfield></datafield><datafield ind1=" " ind2="7" tag="651"><subfield code="a">Great Plains.</subfield><subfield code="2">fast</subfield><subfield code="0">(OCoLC)fst01240567</subfield></datafield><datafield ind1=" " ind2="7" tag="651"><subfield code="a">South Dakota.</subfield><subfield code="2">fast</subfield><subfield code="0">(OCoLC)fst01204322</subfield></datafield><datafield ind1=" " ind2="7" tag="651"><subfield code="a">South Dakota</subfield><subfield code="z">Pennington County.</subfield><subfield code="2">fast</subfield><subfield code="0">(OCoLC)fst01215591</subfield></datafield><datafield ind1=" " ind2="7" tag="651"><subfield code="a">South Dakota</subfield><subfield code="z">Rapid City.</subfield><subfield code="2">fast</subfield><subfield code="0">(OCoLC)fst01212163</subfield></datafield><datafield ind1=" " ind2=" " tag="752"><subfield code="a">United States</subfield><subfield code="b">South Dakota</subfield><subfield code="c">Pennington</subfield><subfield code="d">Rapid City.</subfield></datafield><datafield ind1="0" ind2="8" tag="776"><subfield code="i">Microfilm version:</subfield><subfield code="t">Indian country today</subfield><subfield code="x">1066-5501</subfield><subfield code="w">(OCoLC)30313912</subfield></datafield><datafield ind1="0" ind2="8" tag="776"><subfield code="i">Online version:</subfield><subfield code="t">Indian country today (Online)</subfield><subfield code="w">(OCoLC)61312545</subfield></datafield><datafield ind1="0" ind2="0" tag="780"><subfield code="t">Lakota times</subfield><subfield code="x">0744-2238</subfield><subfield code="w">(DLC)sn 82000885</subfield><subfield code="w">(OCoLC)8116671</subfield></datafield><datafield ind1="1" ind2="6" tag="785"><subfield code="t">Indian country today (Northern Plains ed.)</subfield><subfield code="w">(DLC)sn 95071074</subfield><subfield code="w">(OCoLC)31327886</subfield></datafield><datafield ind1="1" ind2="6" tag="785"><subfield code="t">Indian country today (Southwest ed.)</subfield><subfield code="w">(OCoLC)31327868</subfield></datafield><datafield ind1=" " ind2=" " tag="850"><subfield code="a">MH</subfield></datafield><datafield ind1="4" ind2="1" tag="856"><subfield code="u">http://bibpurl.oclc.org/web/29577</subfield><subfield code="u">http://www.indiancountry.com/</subfield></datafield></record>